
@article{gfdl_tc,
      author = "Frédéric Vitart and Timothy N. Stockdale",
      title = "Seasonal Forecasting of Tropical Storms Using Coupled GCM Integrations",
      journal = "Monthly Weather Review",
      year = "2001",
      publisher = "American Meteorological Society",
      address = "Boston MA, USA",
      volume = "129",
      number = "10",
      doi = "10.1175/1520-0493(2001)129<2521:SFOTSU>2.0.CO;2",
      pages=      "2521 - 2537",
      url = "https://journals.ametsoc.org/view/journals/mwre/129/10/1520-0493_2001_129_2521_sfotsu_2.0.co_2.xml"
}

@article {tc_wind_rad_1,
      author = "Daniel R. Chavas and Ning Lin and Kerry Emanuel",
      title = "A Model for the Complete Radial Structure of the Tropical Cyclone Wind Field. Part I: Comparison with Observed Structure",
      journal = "Journal of the Atmospheric Sciences",
      year = "2015",
      publisher = "American Meteorological Society",
      address = "Boston MA, USA",
      volume = "72",
      number = "9",
      doi = "10.1175/JAS-D-15-0014.1",
      pages=      "3647 - 3662",
      url = "https://journals.ametsoc.org/view/journals/atsc/72/9/jas-d-15-0014.1.xml"
}

@article{tc_wind_rad_2,
      author = "Daniel R. Chavas and Ning Lin",
      title = "A Model for the Complete Radial Structure of the Tropical Cyclone Wind Field. Part II: Wind Field Variability",
      journal = "Journal of the Atmospheric Sciences",
      year = "2016",
      publisher = "American Meteorological Society",
      address = "Boston MA, USA",
      volume = "73",
      number = "8",
      doi = "10.1175/JAS-D-15-0185.1",
      pages=      "3093 - 3113",
      url = "https://journals.ametsoc.org/view/journals/atsc/73/8/jas-d-15-0185.1.xml"
}

@Article{teca_topo,
AUTHOR = {Muszynski, G. and Kashinath, K. and Kurlin, V. and Wehner, M. and Prabhat},
TITLE = {Topological data analysis and machine learning for recognizing atmospheric river patterns in large climate datasets},
JOURNAL = {Geoscientific Model Development},
VOLUME = {12},
YEAR = {2019},
NUMBER = {2},
PAGES = {613--628},
URL = {https://gmd.copernicus.org/articles/12/613/2019/},
DOI = {10.5194/gmd-12-613-2019}
}

@InProceedings{peta_scale_teca,
author="Prabhat
and Byna, Surendra
and Vishwanath, Venkatram
and Dart, Eli
and Wehner, Michael
and Collins, William D.",
editor="Azzopardi, George
and Petkov, Nicolai",
title="TECA: Petascale Pattern Recognition for Climate Science",
booktitle="Computer Analysis of Images and Patterns",
year="2015",
publisher="Springer International Publishing",
address="Cham",
pages="426--436",
isbn="978-3-319-23117-4"
}

@Article{ar_topo,
AUTHOR = {Muszynski, G. and Kashinath, K. and Kurlin, V. and Wehner, M. and Prabhat},
TITLE = {Topological data analysis and machine learning for recognizing atmospheric river patterns in large climate datasets},
JOURNAL = {Geoscientific Model Development},
VOLUME = {12},
YEAR = {2019},
NUMBER = {2},
PAGES = {613--628},
URL = {https://gmd.copernicus.org/articles/12/613/2019/},
DOI = {10.5194/gmd-12-613-2019}
}

@Article{tc_changes,
AUTHOR = {Wehner, M. F. and Reed, K. A. and Loring, B. and Stone, D. and Krishnan, H.},
TITLE = {Changes in tropical cyclones under stabilized 1.5 and 2.0\,{\degree}C
global warming scenarios as simulated by the Community Atmospheric Model
under the HAPPI protocols},
JOURNAL = {Earth System Dynamics},
VOLUME = {9},
YEAR = {2018},
NUMBER = {1},
PAGES = {187--195},
URL = {https://esd.copernicus.org/articles/9/187/2018/},
DOI = {10.5194/esd-9-187-2018}
}

@Article{teca_bard,
AUTHOR = {O'Brien, T. A. and Risser, M. D. and Loring, B. and Elbashandy, A. A. and Krishnan, H. and Johnson, J. and Patricola, C. M. and O'Brien, J. P. and Mahesh, A. and Prabhat and Arriaga Ramirez, S. and Rhoades, A. M. and Charn, A. and Inda D\'{\i}az, H. and Collins, W. D.},
TITLE = {Detection of atmospheric rivers with inline uncertainty quantification: TECA-BARD v1.0.1},
JOURNAL = {Geoscientific Model Development},
VOLUME = {13},
YEAR = {2020},
NUMBER = {12},
PAGES = {6131--6148},
URL = {https://gmd.copernicus.org/articles/13/6131/2020/},
DOI = {10.5194/gmd-13-6131-2020}
}

@Article{ca_ar,
AUTHOR = {Jeon, S. and Prabhat and Byna, S. and Gu, J. and Collins, W. D. and Wehner, M. F.},
TITLE = {Characterization of extreme precipitation within atmospheric river events over California},
JOURNAL = {Advances in Statistical Climatology, Meteorology and Oceanography},
VOLUME = {1},
YEAR = {2015},
NUMBER = {1},
PAGES = {45--57},
URL = {https://ascmo.copernicus.org/articles/1/45/2015/},
DOI = {10.5194/ascmo-1-45-2015}
}

@article{ruebel,
title = {TECA: A Parallel Toolkit for Extreme Climate Analysis},
journal = {Procedia Computer Science},
volume = {9},
pages = {866-876},
year = {2012},
note = {Proceedings of the International Conference on Computational Science, ICCS 2012},
issn = {1877-0509},
doi = {https://doi.org/10.1016/j.procs.2012.04.093},
url = {https://www.sciencedirect.com/science/article/pii/S1877050912002141},
author = { Prabhat and Oliver Rübel and Surendra Byna and Kesheng Wu and Fuyu Li and Michael Wehner and Wes Bethel},
keywords = {Feature Detection and Tracking, Parallel Analysis, Climate Analysis},
}

@inproceedings{pre_teca_ar,
author = {Byna, Surendra and Prabhat and Wehner, Michael F. and Wu, Kesheng John},
title = {Detecting Atmospheric Rivers in Large Climate Datasets},
year = {2011},
isbn = {9781450311304},
publisher = {Association for Computing Machinery},
address = {New York, NY, USA},
url = {https://doi.org/10.1145/2110205.2110208},
doi = {10.1145/2110205.2110208},
booktitle = {Proceedings of the 2nd International Workshop on Petascal Data Analytics: Challenges and Opportunities},
pages = {7–14},
numpages = {8},
keywords = {connected component labeling, automatic detection of atmospheric rivers, extreme climate events, atmospheric rivers},
location = {Seattle, Washington, USA},
series = {PDAC '11}
}

@misc{teca_ml_1,
title={Application of Deep Convolutional Neural Networks for Detecting Extreme Weather in Climate Datasets}, 
author={Yunjie Liu and Evan Racah and Prabhat and Joaquin Correa and Amir Khosrowshahi and David Lavers and Kenneth Kunkel and Michael Wehner and William Collins},
year={2016},
eprint={1605.01156},
archivePrefix={arXiv},
primaryClass={cs.CV}
}

@misc{teca_ml_2,
 title={ExtremeWeather: A large-scale climate dataset for semi-supervised detection, localization, and understanding of extreme weather events}, 
 author={Evan Racah and Christopher Beckham and Tegan Maharaj and Samira Ebrahimi Kahou and Prabhat and Christopher Pal},
 year={2017},
 eprint={1612.02095},
 archivePrefix={arXiv},
 primaryClass={cs.CV}
}

@INPROCEEDINGS{ankur_agu,
       author = {{Mahesh}, A. and {Mudigonda}, M. and {Kim}, S.~K. and {Kashinath}, K. and {Kahou}, S. and {Michalski}, V. and {Williams}, D.~N. and {Liu}, Y. and {Prabhat}, M. and {Loring}, B. and {O'Brien}, T.~A. and {Collins}, W.~D.},
        title = "{Assessing Uncertainty in Deep Learning Techniques that Identify Atmospheric Rivers in Climate Simulations}",
     keywords = {1914 Data mining, INFORMATICS, 1916 Data and information discovery, INFORMATICS, 1942 Machine learning, INFORMATICS, 1968 Scientific reasoning/inference, INFORMATICS},
    booktitle = {AGU Fall Meeting Abstracts},
         year = 2017,
       volume = {2017},
        month = dec,
          eid = {IN11E-06},
        pages = {IN11E-06},
       adsurl = {https://ui.adsabs.harvard.edu/abs/2017AGUFMIN11E..06M},
      adsnote = {Provided by the SAO/NASA Astrophysics Data System}
}



