@Article{teca_bard,
AUTHOR = {O'Brien, T. A. and Risser, M. D. and Loring, B. and Elbashandy, A. A. and Krishnan, H. and Johnson, J. and Patricola, C. M. and O'Brien, J. P. and Mahesh, A. and Prabhat and Arriaga Ramirez, S. and Rhoades, A. M. and Charn, A. and Inda D\'{\i}az, H. and Collins, W. D.},
TITLE = {Detection of atmospheric rivers with inline uncertainty quantification: TECA-BARD v1.0.1},
JOURNAL = {Geoscientific Model Development},
VOLUME = {13},
YEAR = {2020},
NUMBER = {12},
PAGES = {6131--6148},
URL = {https://gmd.copernicus.org/articles/13/6131/2020/},
DOI = {10.5194/gmd-13-6131-2020}
}

@article{gfdl_tc,
    author = {Vitart, Frédéric and Stockdale, Timothy N.},
    title = "{Seasonal Forecasting of Tropical Storms Using Coupled GCM Integrations}",
    journal = {Monthly Weather Review},
    volume = {129},
    number = {10},
    pages = {2521-2537},
    year = {2001},
    month = {10},
    issn = {0027-0644},
    doi = {10.1175/1520-0493(2001)129<2521:SFOTSU>2.0.CO;2},
    url = {https://doi.org/10.1175/1520-0493(2001)129<2521:SFOTSU>2.0.CO;2},
    eprint = {https://journals.ametsoc.org/mwr/article-pdf/129/10/2521/4194336/1520-0493(2001)129\_2521\_sfotsu\_2\_0\_co\_2.pdf},
}

@article{wind_rad_1,
    author = {Chavas, Daniel R. and Lin, Ning and Emanuel, Kerry},
    title = "{A Model for the Complete Radial Structure of the Tropical Cyclone Wind Field. Part I: Comparison with Observed Structure*}",
    journal = {Journal of the Atmospheric Sciences},
    volume = {72},
    number = {9},
    pages = {3647-3662},
    year = {2015},
    month = {09},
    issn = {0022-4928},
    doi = {10.1175/JAS-D-15-0014.1},
    url = {https://doi.org/10.1175/JAS-D-15-0014.1},
    eprint = {https://journals.ametsoc.org/jas/article-pdf/72/9/3647/3656463/jas-d-15-0014\_1.pdf},
}

@article{wind_rad_2,
    author = {Chavas, Daniel R. and Lin, Ning},
    title = "{A Model for the Complete Radial Structure of the Tropical Cyclone Wind Field. Part II: Wind Field Variability}",
    journal = {Journal of the Atmospheric Sciences},
    volume = {73},
    number = {8},
    pages = {3093-3113},
    year = {2016},
    month = {07},
    issn = {0022-4928},
    doi = {10.1175/JAS-D-15-0185.1},
    url = {https://doi.org/10.1175/JAS-D-15-0185.1},
    eprint = {https://journals.ametsoc.org/jas/article-pdf/73/8/3093/3665929/jas-d-15-0185\_1.pdf},
}

@article{tc_props,
    author = {Rudeva, Irina and Gulev, Sergey K.},
    title = "{Climatology of Cyclone Size Characteristics and Their Changes during the Cyclone Life Cycle}",
    journal = {Monthly Weather Review},
    volume = {135},
    number = {7},
    pages = {2568-2587},
    year = {2007},
    month = {07},
    issn = {0027-0644},
    doi = {10.1175/MWR3420.1},
    url = {https://doi.org/10.1175/MWR3420.1},
    eprint = {https://journals.ametsoc.org/mwr/article-pdf/135/7/2568/4230462/mwr3420\_1.pdf},
}
